@misc{cuda,
	title = {NVIDIA CUDA C Programming Guide},
	howpublished = {\url{https://developer.download.nvidia.com\\/compute/DevZone/docs/html/C/doc/CUDA\_C\_Programming\_Guide.pdf}},
	note = {Accessed: 2019-04-13}
}